@ARTICLE{7815384,
  AUTHOR={U. {Raza} and P. {Kulkarni} and M. {Sooriyabandara}},
  JOURNAL={IEEE Communications Surveys Tutorials},
  TITLE={\relax{Low Power Wide Area Networks: An Overview}},
  YEAR={2017},
  VOLUME={19},
  NUMBER={2},
  PAGES={855-873},
  KEYWORDS={Internet of Things;wide area networks;low power wide area networks;LPWA networks;Internet of Things;low-power devices;Internet of Things;Low power electronics;Machine-to-machine communication;Cellular networks;Internet of Things;IoT;low power wide area;LPWA;LPWAN;machine-to-machine communication;cellular},
  DOI={10.1109/COMST.2017.2652320},
  ISSN={1553-877X},
  MONTH={January},
}

@ARTICLE{7803607,
  AUTHOR={O. {Georgiou} and U. {Raza}},
  JOURNAL={IEEE Wireless Communications Letters},
  TITLE={\relax{Low Power Wide Area Network Analysis: Can LoRa Scale?}},
  YEAR={2017},
  VOLUME={6},
  NUMBER={2},
  PAGES={162-165},
  KEYWORDS={access protocols;interference (signal);probability;spread spectrum communication;stochastic processes;telecommunication power management;wide area networks;low power wide area network analysis;stochastic geometry framework;single gateway LoRa network;chirp spread-spectrum modulation technique;radio duty cycle;ALOHA protocol;coverage probability;factor interference;rigorous scalability analysis;Low power electronics;Wide area networks;Stochastic processes;Power outages;Internet of Things;Low power wide area networks;wireless communications;stochastic geometry;interference analysis;outage probability},
  DOI={10.1109/LWC.2016.2647247},
  ISSN={2162-2337},
  MONTH={April},
}

@INPROCEEDINGS{7996384,
  AUTHOR={D. {Magrin} and M. {Centenaro} and L. {Vangelista}},
  BOOKTITLE={2017 IEEE International Conference on Communications (ICC)},
  TITLE={\relax{Performance evaluation of LoRa networks in a smart city scenario}},
  YEAR={2017},
  VOLUME={},
  NUMBER={},
  PAGES={1-7},
  KEYWORDS={Internet of Things;wide area networks;performance evaluation;smart city;low-power wide area networks;LPWANs;Internet of Things;license-free frequency bands;NS-3 module;LoRa-based IoT network;packet success rates;Shadow mapping;Receivers;Computational modeling;Sensitivity;Logic gates;Propagation losses;Buildings},
  DOI={10.1109/ICC.2017.7996384},
  ISSN={1938-1883},
  MONTH={May},
}

@ARTICLE{8090518,
  AUTHOR={F. {Van den Abeele} and J. {Haxhibeqiri} and I. {Moerman} and J. {Hoebeke}},
  JOURNAL={IEEE Internet of Things Journal},
  TITLE={\relax{Scalability Analysis of Large-Scale LoRaWAN Networks in ns-3}},
  YEAR={2017},
  VOLUME={4},
  NUMBER={6},
  PAGES={2186-2198},
  KEYWORDS={access protocols;error statistics;interference (signal);internetworking;stochastic processes;telecommunication network reliability;telecommunication traffic;wide area networks;scalability analysis;large-scale LoRaWAN networks;low power wide area network technology;pure ALOHA networks;comprehensive model;LoRa error model;extensive complex baseband bit error rate simulations;interference model;LoRaWAN MAC protocol;bi-directional LoRaWAN networks;LoRaWAN NS-3 module;stochastic techniques;multichannel LoRaWAN networks;multispreading factor LoRaWAN networks;multigateway LoRaWAN networks;downstream traffic;upstream traffic;gateway density;stringent duty cycle requirements;Logic gates;Modulation;Scalability;Performance evaluation;Network servers;Internet of Things;Interference;LoRa;LoRaWAN;low power wide area network (LPWAN);ns-3;scalability;simulation},
  DOI={10.1109/JIOT.2017.2768498},
  ISSN={2327-4662},
  MONTH={December},
}

@ARTICLE{s17061193,
  AUTHOR={J. {Haxhibeqiri} and F. {Van den Abeele} and I. {Moerman} and J. {Hoebeke}}, 
  TITLE={\relax{LoRa Scalability: A Simulation Model Based on Interference Measurements}},
  JOURNAL={Sensors},
  VOLUME={17},
  YEAR={2017},
  NUMBER={6},
  ARTICLE-NUMBER={1193},
  URL={http://www.mdpi.com/1424-8220/17/6/1193},
  ISSN={1424-8220},
  DOI={10.3390/s17061193},
  MONTH={May},
}

@ARTICLE{8267219,
  AUTHOR={D. {Croce} and M. {Gucciardo} and S. {Mangione} and G. {Santaromita} and I. {Tinnirello}},
  JOURNAL={IEEE Communications Letters},
  TITLE={\relax{Impact of LoRa Imperfect Orthogonality: Analysis of Link-Level Performance}},
  YEAR={2018},
  VOLUME={22},
  NUMBER={4},
  PAGES={796-799},
  KEYWORDS={chirp modulation;radiofrequency interference;software radio;spread spectrum communication;LoRa modulation;packet loss;interference power;inter-SF collisions;LoRa networks;LoRa imperfect orthogonality;link-level performance;LoRa technology;high-density deployment;low power consumption;chirp spread-spectrum modulation;software-defined radios;congested networks;Receivers;Encoding;Modulation;Interference;Chirp;Synchronization;Robustness;LoRa;spreading factor;interference},
  DOI={10.1109/LCOMM.2018.2797057},
  ISSN={1089-7798},
  MONTH={April},
}

@ARTICLE{8430542,
  AUTHOR={Aamir Mahmood and Emiliano Sisinni and Lakshmikanth Guntupalli and Ra{\'u}l Rond{\'o}n and Syed Ali Hassan and Mikael Gidlund},
  JOURNAL={IEEE Transactions on Industrial Informatics},
  TITLE={\relax{Scalability Analysis of a LoRa Network under Imperfect Orthogonality}},
  YEAR={2018},
  VOLUME={},
  NUMBER={},
  PAGES={1-1},
  KEYWORDS={Interference;Chirp;Computer architecture;Logic gates;Scalability;Uplink;Signal to noise ratio;IoT;low-power wide-area networks;LoRaWAN;interference;stochastic geometry},
  DOI={10.1109/TII.2018.2864681},
  ISSN={1551-3203},
  MONTH={September},
}

@INPROCEEDINGS{8319183,
  AUTHOR={G. {Zhu} and C. {Liao} and M. {Suzuki} and Y. {Narusue} and H. {Morikawa}},
  BOOKTITLE={2018 15th IEEE Annual Consumer Communications Networking Conference (CCNC)},
  TITLE={\relax{Evaluation of LoRa receiver performance under co-technology interference}},
  YEAR={2018},
  VOLUME={},
  NUMBER={},
  PAGES={1-7},
  KEYWORDS={radio networks;relay networks (telecommunication);spread spectrum communication;synchronisation;telecommunication network topology;LoRa receiver performance;co-technology interference LoRa networks;remarkably wide coverage;chirp spread spectrum;single-hop LoRa networks;multiple-access dimensions;multihop LoRa network;extensive network coverage;required signal-to-interference ratio;multihop relay network;network efficiency;Interference;Receivers;Spread spectrum communication;Sensitivity;Network topology;Topology;Throughput},
  DOI={10.1109/CCNC.2018.8319183},
  ISSN={2331-9860},
  MONTH={January},
}

@ARTICLE{8480649,
  AUTHOR={A. {Waret} and M. {Kaneko} and A. {Guitton} and N. {El Rachkidy}}, 
  JOURNAL={IEEE Wireless Communications Letters},
  TITLE={\relax{LoRa Throughput Analysis with Imperfect Spreading Factor Orthogonality}},
  YEAR={2018},
  VOLUME={},
  NUMBER={},
  PAGES={1-1},
  KEYWORDS={Interference;Signal to noise ratio;Throughput;Resource management;Logic gates;Uplink;Propagation losses;LoRa;Spreading Factor;Uplink Throughput;Imperfect Orthogonality.},
  DOI={10.1109/LWC.2018.2873705},
  ISSN={2162-2337},
  MONTH={October},
}

@TECHREPORT{AN1200.22,
  AUTHOR={{Semtech Corporation}},
  TITLE={\relax{LoRa Modulation Basics AN1200.22}},
  ADDRESS={Camarillo, California, USA},
  NOTE={},
  MONTH={May},
  YEAR={2015},
  URL={https://www.semtech.com/uploads/documents/an1200.22.pdf},
}

@TECHREPORT{SX1276,
  AUTHOR={{Semtech Corporation}},
  TITLE={\relax{SX1276/77/78/79 - 137 MHz to 1020 MHz Low Power Long Range Transceiver Datasheet}},
  ADDRESS={Camarillo, California, USA},
  MONTH={August},
  YEAR={2016},
  URL={https://www.semtech.com/uploads/documents/DS\_SX1276-7-8-9\_W\_APP\_V5.pdf},
}

@TECHREPORT{lorawan.specification,
  AUTHOR={{LoRa Alliance}},
  TITLE={\relax{LoRaWAN 1.1 Specification}},
  ADDRESS={Beaverton, Oregon, USA},
  MONTH={October},
  YEAR={2017},
  URL={https://lora-alliance.org/sites/default/files/2018-04/lorawantm\_specification\_-v1.1.pdf},
}

@TECHREPORT{lorawan.regional.parameters,
  AUTHOR={{LoRa Alliance}},
  TITLE={\relax{LoRaWAN 1.1 Regional Parameters v1.1rB}},
  ADDRESS={San Ramon, California, USA},
  MONTH={January},
  YEAR={2018},
  URL={https://lora-alliance.org/sites/default/files/2018-04/lorawantm\_regional\_parameters\_v1.1rb\_-\_final.pdf},
}

@TECHREPORT{TR136.942,
  AUTHOR={{European Telecommunications Standards Institute}},
  TITLE={\relax{Radio Frequency (RF) system scenarios TR 136 942 V13.0.0}},
  MONTH={January},
  YEAR={2016},
  URL={https://www.etsi.org/deliver/etsi\_tr/136900\_136999/136942/13.00.00\_60 /tr\_136942v130000p.pdf},
}

@INPROCEEDINGS{Bor:2016:LLW:2988287.2989163,
  AUTHOR={Martin C. Bor and Utz Roedig and Thiemo Voigt and Juan M. Alonso},
  TITLE= {\relax{Do LoRa Low-Power Wide-Area Networks Scale?}},
  BOOKTITLE= {Proceedings of the 19th ACM International Conference on Modeling, Analysis and Simulation of Wireless and Mobile Systems},
  SERIES={MSWiM '16},
  YEAR={2016},
  ISBN={978-1-4503-4502-6},
  LOCATION={Malta, Malta},
  PAGES={59--67},
  NUMPAGES={9},
  URL={http://DOI.acm.org/10.1145/2988287.2989163},
  DOI={10.1145/2988287.2989163},
  ACMID={2989163},
  PUBLISHER={ACM},
  ADDRESS={New York, NY, USA},
  KEYWORDS={lora, low-power wide-area network, scalability analysis},
  MONTH={November},
}

@INPROCEEDINGS{8406255,
  AUTHOR={M. {Slabicki} and G. {Premsankar} and M. {Di Francesco}}, 
  BOOKTITLE={NOMS 2018 - 2018 IEEE/IFIP Network Operations and Management Symposium},
  TITLE={Adaptive configuration of lora networks for dense IoT deployments},
  YEAR={2018},
  VOLUME={},
  NUMBER={},
  PAGES={1-9},
  KEYWORDS={energy conservation;Internet of Things;quality of service;wireless channels;dense IoT scenarios;end-to-end LoRa simulations;Adaptive Data Rate mechanism;network delivery ratio;stable channel conditions;wireless channel;variable channel conditions;network-aware approach;Adaptive configuration;dense IoT deployments;dynamic channel conditions;Logic gates;Network servers;Physical layer;Adaptive systems;Wireless communication;Adaptation models;Reliability;LoRa;configuration management;performance evaluation;adaptive data rate;reliability;energy efficiency},
  DOI={10.1109/NOMS.2018.8406255},
  ISSN={2374-9709},
  MONTH={April},
}

@article{DBLP:JOURNALs/corr/abs-1802-10338,
  AUTHOR={Khaled Q. Abdelfadeel and Victor Cionca and Dirk Pesch},
  TITLE={\relax{Fair Adaptive Data Rate Allocation and Power Control in LoRaWAN}},
  JOURNAL={CoRR},
  VOLUME={abs/1802.10338},
  YEAR={2018},
  URL={http://arxiv.org/abs/1802.10338},
  ARCHIVEPREFIX={arXiv},
  EPRINT={1802.10338},
  TIMESTAMP={Mon, 13 Aug 2018 16:48:15 +0200},
  BIBURL={https://dblp.org/rec/bib/journals/corr/abs-1802-10338},
  BIBSOURCE={dblp computer science bibliography, https://dblp.org},
  MONTH={August},
}

@ARTICLE{7721743,
  AUTHOR={M. {Centenaro} and L. {Vangelista} and A. {Zanella} and M. {Zorzi}},
  JOURNAL={IEEE Wireless Communications},
  TITLE={\relax{Long-range communications in unlicensed bands: the rising stars in the IoT and smart city scenarios}},
  YEAR={2016},
  VOLUME={23},
  NUMBER={5},
  PAGES={60-67},
  KEYWORDS={cellular radio;Internet of Things;packet radio networks;radio access networks;smart cities;telecommunication network topology;wide area networks;wireless mesh networks;long-range communications;unlicensed bands;IoT;smart city scenarios;data access;multihop mesh networks;short-range communication technology;long-range legacy cellular technology;2G-GSM-GPRS;licensed frequency bands;wireless connectivity;unlicensed subgigahertz frequency bands;star topology;low-power WANs;LPWANs;access networks;Internet of things;Wireless communication;Connectivity;Smart cities;Mesh networks;GPRS},
  DOI={10.1109/MWC.2016.7721743},
  ISSN={1536-1284},
  MONTH={October},
}

@MISC{finnegan2018comparative,
  TITLE={\relax{A Comparative Survey of LPWA Networking}},
  AUTHOR={Joseph Finnegan and Stephen Brown},
  YEAR={2018},
  EPRINT={1802.04222},
  ARCHIVEPREFIX={arXiv},
  PRIMARYCLASS={cs.NI},
  MONTH={August},
}

@ARTICLE{goursaud:hal-01231221,
  TITLE={\relax{Dedicated networks for IoT : PHY / MAC state of the art and challenges}},
  AUTHOR={C. Goursaud and J. M. Gorce},
  URL={https://hal.archives-ouvertes.fr/hal-01231221},
  JOURNAL={{EAI endorsed transactions on Internet of Things}},
  PUBLISHER={{European Alliance for Innovation}},
  YEAR={2015},
  MONTH={October},
  DOI={10.4108/eai.26-10-2015.150597},
  KEYWORDS={Internet of Things ; M2M ; PHY and MAC layer ; Long Range transmissions},
  PDF={https://hal.archives-ouvertes.fr/hal-01231221/file/eai.26-10-2015.150597.pdf},
  HAL_ID={hal-01231221},
  HAL_VERSION={v1},
}

@MISC{tugrul_yatagan_2019_2579366,
  AUTHOR={Yatagan, Tugrul},
  TITLE={tugrulyatagan/simlorasf},
  MONTH={February},
  YEAR=2019,
  DOI={10.5281/zenodo.2579366},
  URL={https://doi.org/10.5281/zenodo.2579366}
}

@BOOK{Alpaydin,
  AUTHOR={Alpaydin, Ethem},
  TITLE={Introduction to Machine Learning},
  YEAR={2010},
  ISBN={026201243X, 9780262012430},
  EDITION={2nd},
  PUBLISHER={The MIT Press},
}

@INPROCEEDINGS{8115779,
  AUTHOR={F. {Cuomo} and M. {Campo} and A. {Caponi} and G. {Bianchi} and G. {Rossini} and P. {Pisani}},
  BOOKTITLE={2017 IEEE 13th International Conference on Wireless and Mobile Computing, Networking and Communications (WiMob)},
  TITLE={\relax{EXPLoRa: Extending the performance of LoRa by suitable spreading factor allocations}},
  YEAR={2017},
  VOLUME={},
  NUMBER={},
  PAGES={1-8},
  KEYWORDS={Internet of Things;resource allocation;telecommunication traffic;wide area networks;terrestrial area;EXPLoRa-AT algorithm;LoRaWAN;ultra low power Internet;wireless resources;Internet of Thing devices;SF;Logic gates;Interference;Network servers;Physical layer;Wireless communication;Uplink;Protocols;Low power wide area networks;Internet of Things;LoRaWAN;Spreading Factors;Resource Allocation},
  DOI={10.1109/WiMOB.2017.8115779},
  ISSN={},
  MONTH={October},
}

@TECHREPORT{lorawan_adr,
  TITLE={\relax{LoRaWAN – simple rate adaptation recommended algorithm}},
  NUMBER={v1.0},
  AUTHOR={Semtech Corporation},
  ADDRESS={Camarillo, California, USA},
  NOTE={},
  MONTH={October},
  YEAR={2016},
}

@MISC{peteregli_lpwan,
  AUTHOR={Egli, Peter},
  TITLE={LPWAN - Low Power Wide Area Networks},
  YEAR=2017,
  URL={http://peteregli.net/content/mobile-wireless/LPWAN/LPWAN.pdf},
  NUMBER={Rev. 1.30},
}

@MISC{sghoslya_lora,
  AUTHOR={Ghoslya, Sakshama},
  TITLE={LoRa: Symbol Generation},
  YEAR=2017,
  URL={https://www.sghoslya.com/p/lora-is-chirp-spread-spectrum.html},
}

@TECHREPORT{lorawan.technical.overview,
  AUTHOR={{LoRa Alliance}},
  TITLE={\relax{A technical overview of LoRa and LoRaWAN}},
  ADDRESS={San Ramon, California, USA},
  MONTH={November},
  YEAR={2015},
  URL={https://lora-alliance.org/sites/default/files/2018-04/what-is-lorawan.pdf},
}

@TECHREPORT{sigfox,
  AUTHOR={{Sigfox}},
  TITLE={\relax{Sigfox Technical Overview}},
  ADDRESS={Labège, France},
  MONTH={May},
  YEAR={2017},
  URL={https://storage.sbg1.cloud.ovh.net/v1/AUTH_669d7dfced0b44518cb186841d7cbd75/dev_medias/build_technicalOverview.pdf},
}

@INPROCEEDINGS{Abramson:1970:ASA:1478462.1478502,
  AUTHOR = {Abramson, Norman},
  TITLE = {THE ALOHA SYSTEM: Another Alternative for Computer Communications},
  BOOKTITLE = {Proceedings of the November 17-19, 1970, Fall Joint Computer Conference},
  SERIES = {AFIPS '70 (Fall)},
  YEAR = {1970},
  LOCATION = {Houston, Texas},
  PAGES = {281--285},
  NUMPAGES = {5},
  URL = {http://doi.acm.org/10.1145/1478462.1478502},
  DOI = {10.1145/1478462.1478502},
  ACMID = {1478502},
  PUBLISHER = {ACM},
  ADDRESS = {New York, NY, USA},
}

@ARTICLE{1091721, 
  AUTHOR={A. {Berni} and W. {Gregg}}, 
  JOURNAL={IEEE Transactions on Communications}, 
  TITLE={On the Utility of Chirp Modulation for Digital Signaling}, 
  YEAR={1973}, 
  VOLUME={21}, 
  NUMBER={6}, 
  PAGES={748-751}, 
  KEYWORDS={Chirp modulation;FSK signals;PSK signals;Chirp modulation;Frequency shift keying;Frequency synchronization;Data communication;Phase shift keying;Error probability;Rician channels;Rayleigh channels;Fading;Constraint theory}, 
  DOI={10.1109/TCOM.1973.1091721}, 
  ISSN={0090-6778}, 
  MONTH={June},
}

@BOOK{probability,
  AUTHOR={Roy D. Yates and David J. Goodman},
  TITLE={Probability and Stochastic Processes: A Friendly Introduction for Electrical and Computer Engineers},
  YEAR={2014},
  ISBN={ 978-1-118-32456-1},
  EDITION={3rd},
  PUBLISHER={Wiley},
}
